@article{B,
	   author={Brown, T. C. and Erd{\H{o}}s, P. and Freedman, A. R.},
	   title={Quasi-progressions and descending waves},
	   journal={J. Combin. Theory Ser. A},
	   volume={53},
	   year={1990},
	   number={1},
	   pages={81--95},
	   issn={0097-3165},
	   review={\MR{1031614 (91a:11016)}},
	   doi={10.1016/0097-3165(90)90021-N},
	}


@incollection {G,
    AUTHOR = {Graham, Ron},
     TITLE = {Some of my favorite problems in {R}amsey theory},
 BOOKTITLE = {Combinatorial number theory},
     PAGES = {229--236},
 PUBLISHER = {de Gruyter},
   ADDRESS = {Berlin},
      YEAR = {2007},
   MRCLASS = {05D10 (05-02)},
  MRNUMBER = {2337049 (2008e:05135)},
MRREVIEWER = {J. Spencer},
}


@article{L,
	   author={Landman, Bruce M.},
	   title={Ramsey functions for quasi-progressions},
	   journal={Graphs Combin.},
	   volume={14},
	   year={1998},
	   number={2},
	   pages={131--142},
	   issn={0911-0119},
	   review={\MR{1628121 (99i:05198)}},
	   doi={10.1007/s003730050021}
	}

@book{LR,
	   author={Landman, Bruce M. and Robertson, Aaron},
	   title={Ramsey Theory on the Integers},
	   %series={Student Mathematical Library},
	   %volume={24},
	   publisher={American Mathematical Society},
	   place={Providence, RI},
	   year={2004},
	   pages={xvi+317},
	   isbn={0-8218-3199-2},
	   review={\MR{2020361 (2004h:05125)}},
	}

@article{V,
   author={Vijay, Sujith},
   title={On a variant of van der Waerden's theorem},
   journal={Integers},
   volume={10},
   year={2010},
   pages={A17, 223--227},
   issn={1867-0652},
   review={\MR{2652559}},
   doi={10.1515/INTEG.2010.017},
}