@book {Konig,
    AUTHOR = {K{\"o}nig, D{\'e}nes},
     TITLE = {Theorie der endlichen und unendlichen {G}raphen.
              {K}ombinatorische {T}opologie der {S}treckenkomplexe},
 PUBLISHER = {Chelsea Publishing Co.},
   ADDRESS = {New York, NY},
      YEAR = {1950},
     PAGES = {ix+258},
   MRCLASS = {56.0X},
  MRNUMBER = {0036989 (12,195g)},
}

@book {West,
	author={West, Douglas B.},
	title={Introduction to Graph Theory, second ed.},
	publisher={Prentice Hall Inc.},
	place={Upper Saddle River, NJ},
	year={2001},
	pages={xix+588},
	isbn={0-13-014400-2},
	MRCLASS = {05-01},
	MRNUMBER = {1367739 (96i:05001)},
}

@book {Lay,
	author={Lay, David C.},
	title={Linear Algebra and its Applications, second ed. update},
	publisher={Addison-Wesley Publishing Co.},
	place={Reading, MA},
	year={2000},
	pages={xx+555},
	isbn={0-201-34771-1},
}