@book {Berge,
	AUTHOR = {Berge, Claude},
	TITLE = {Hypergraphs},
	%SERIES = {North-Holland Mathematical Library},
	%VOLUME = {45},
	%NOTE = {Combinatorics of finite sets,
	%	  Translated from the French},
	PUBLISHER = {North-Holland Publishing Co.},
	location = {Amsterdam},
	YEAR = {1989},
	PAGES = {x+255},
	ISBN = {0-444-87489-5},
	MRCLASS = {05C65},
	MRNUMBER = {1013569 (90h:05090)},
}

@misc{Howard,
	author={Howard, David},
	howpublished={personal communication},
	year=2010
}

@article{Yao,
	author={Yao, Andrew Chi Chih},
	title={Should tables be sorted?},
	journal={J. Assoc. Comput. Mach.},
	volume={28},
	year={1981},
	number={3},
	pages={615--628},
	issn={0004-5411},
	review={\MR{624736 (82f:68099)}},
	doi={10.1145/322261.322274},
}

@online{WestYao,
	author={West, Douglas B.},
	title={Yao's Table Storage Problem},
	year={2010},
	url={http://www.math.uiuc.edu/~west/regs/yao.html}
}