@unpublished{ACK,
	author={Akbari, S. and Cameron, P.J. and Khosrovshahi, G.B.},
	title={The rank and signature of adjacency matrices},
	note={in preparation},
	year={2004},
} 

@article {Cam,
    AUTHOR = {Cameron, Peter J.},
     TITLE = {Research problems from the {BCC}21},
   JOURNAL = {Discrete Math.},
  FJOURNAL = {Discrete Mathematics},
    VOLUME = {310},
      YEAR = {2010},
    NUMBER = {2},
     PAGES = {347--354},
      ISSN = {0012-365X},
     CODEN = {DSMHA4},
   MRCLASS = {05C99},
  MRNUMBER = {2563050},
       DOI = {10.1016/j.disc.2009.04.016},
       %URL = {http://dx.doi.org/10.1016/j.disc.2009.04.016},
}
	
@article {CoVu,
    AUTHOR = {Costello, Kevin P. and Vu, Van H.},
     TITLE = {The rank of random graphs},
   JOURNAL = {Random Structures Algorithms},
  FJOURNAL = {Random Structures \& Algorithms},
    VOLUME = {33},
      YEAR = {2008},
    NUMBER = {3},
     PAGES = {269--285},
      ISSN = {1042-9832},
   MRCLASS = {05C50 (05C80)},
  MRNUMBER = {2446482 (2009f:05166)},
MRREVIEWER = {Liancui Zuo},
       DOI = {10.1002/rsa.20219},
       %URL = {http://dx.doi.org/10.1002/rsa.20219},
}


@article{Krausz,
   author={Krausz, J.},
   title={D\'emonstration nouvelle d'une th\'eor\`eme de Whitney sur les
   r\'eseaux},
   language={Hungarian, with French summary},
   journal={Mat. Fiz. Lapok},
   volume={50},
   year={1943},
   pages={75--85},
   review={\MR{0018403 (8,284h)}},
}

@article {RazSpi,
    AUTHOR = {Raz, Ran and Spieker, Boris},
     TITLE = {On the ``log rank''-conjecture in communication complexity},
   JOURNAL = {Combinatorica},
  FJOURNAL = {Combinatorica. An International Journal on Combinatorics and
              the Theory of Computing},
    VOLUME = {15},
      YEAR = {1995},
    NUMBER = {4},
     PAGES = {567--588},
      ISSN = {0209-9683},
     CODEN = {COMBDI},
   MRCLASS = {68Q15 (68Q25 68Q30 68R05)},
  MRNUMBER = {1364028 (97i:68079a)},
MRREVIEWER = {Juraj Hromkovi{\v{c}}},
       DOI = {10.1007/BF01192528},
       %URL = {http://dx.doi.org/10.1007/BF01192528},
}

@article{Royle,
	author={Royle, Gordon F.},
	title={The rank of a cograph},
	journal={Electron. J. Combin.},
	volume={10},
	year={2003},
	pages={Note 11, 7 pp. (electronic)},
	issn={1077-8926},
	review={\MR{2014539 (2004h:05081)}},
}

@article {vRW,
    AUTHOR = {van Rooij, A. C. M. and Wilf, H. S.},
     TITLE = {The interchange graph of a finite graph},
   JOURNAL = {Acta Math. Acad. Sci. Hungar.},
  FJOURNAL = {Acta Mathematica Academiae Scientiarum Hungaricae},
    VOLUME = {16},
      YEAR = {1965},
     PAGES = {263--269},
      ISSN = {0001-5954},
   MRCLASS = {05.40},
  MRNUMBER = {0195761 (33 \#3959)},
MRREVIEWER = {F. Harary},
}
